@book{schoning2013satisfiability,
  title={The Satisfiability Problem: Algorithms and Analyses},
  author={Sch{\"o}ning, Uwe and Tor{\'a}n, Jacobo},
  volume={3},
  year={2013},
  publisher={Lehmanns media}
}

@inproceedings{moser2009constructive,
  title={A constructive proof of the Lov{\'a}sz local lemma},
  author={Moser, Robin A},
  booktitle={Proceedings of the forty-first annual ACM symposium on Theory of computing},
  pages={343--350},
  year={2009}
}

@book{moser2013exact,
  title={Exact Algorithms for Constraint Satisfaction Problems},
  author={Moser, Robin},
  pages={17--45},
  year={2013},
  publisher={Logos Verlag Berlin GmbH}
}

@inproceedings{erdos1973problems,
  title={Problems and results on 3-chromatic hypergraphs and some related questions},
  author={Erd{\H{o}}s, Paul and Lov{\'a}sz, L{\'a}szl{\'o}},
  booktitle={Colloquia Mathematica Societatis Janos Bolyai 10. Infinite And Finite Sets, Keszthely (Hungray)},
  year={1973},
  organization={Citeseer}
}

